<?xml version="1.0" encoding="UTF-8"?><collection><record><leader>07867ntm a2200769 a 4500</leader><controlfield tag="001">006813651</controlfield><controlfield tag="003">MiAaHDL</controlfield><controlfield tag="005">20190719000000.0</controlfield><controlfield tag="006">m        d        </controlfield><controlfield tag="007">cr bn ---auaua</controlfield><controlfield tag="008">090606s1597    xx            00| ||ara d</controlfield><datafield tag="035" ind1=" " ind2=" "><subfield code="a">(MiU)006813651</subfield></datafield><datafield tag="035" ind1=" " ind2=" "><subfield code="a">sdr-miu006813651</subfield></datafield><datafield tag="040" ind1=" " ind2=" "><subfield code="a">MiU</subfield><subfield code="c">MiU</subfield><subfield code="e">amremm</subfield></datafield><datafield tag="043" ind1=" " ind2=" "><subfield code="a">n-us-mi</subfield></datafield><datafield tag="100" ind1="1" ind2=" "><subfield code="6">880-01</subfield><subfield code="a">Ibn al-Ḥājib, ʻUthmān ibn ʻUmar,</subfield><subfield code="d">1175-1249.</subfield></datafield><datafield tag="240" ind1="1" ind2="0"><subfield code="6">880-02</subfield><subfield code="a">Kāfiyah</subfield></datafield><datafield tag="245" ind1="1" ind2="0"><subfield code="6">880-03</subfield><subfield code="a">Kāfiyat Ibn al-Ḥājib,</subfield><subfield code="f">[1005, i.e. 1597].</subfield></datafield><datafield tag="246" ind1="3" ind2=" "><subfield code="i">From inscription on front flyleaf (p.1) and on 'title page' (p.3):</subfield><subfield code="a">هذا كتاب كافي</subfield></datafield><datafield tag="246" ind1="3" ind2=" "><subfield code="i">From inscription on upper cover:</subfield><subfield code="a">كافيه</subfield></datafield><datafield tag="260" ind1=" " ind2=" "><subfield code="c">[1597].</subfield></datafield><datafield tag="300" ind1=" " ind2=" "><subfield code="a">57 leaves :</subfield><subfield code="b">paper ;</subfield><subfield code="c">206 x 150 (125 x 62) mm.</subfield></datafield><datafield tag="500" ind1=" " ind2=" "><subfield code="a">Shelfmark: Ann Arbor, University of Michigan, Special Collections Library, Isl. Ms. 625</subfield></datafield><datafield tag="500" ind1=" " ind2=" "><subfield code="a">Origin: As appears in colophon on pp.117-118, copied by ʻUmar ibn Muḥammad with transcription finished ("wa-qad waqaʻa al-farāgh min taḥrīr hādhihi al-nuskhah al-sharīfah al-mubārakah...") 10 Rajab 1005 [ca. 27 February 1597].</subfield></datafield><datafield tag="500" ind1=" " ind2=" "><subfield code="a">Accompanying materials: a. Acquisitions slip from Yahuda -- b. Inserts carrying glosses (paginated pp.13-14, 63-64, 67-68, 119-120).</subfield></datafield><datafield tag="500" ind1=" " ind2=" "><subfield code="a">Former shelfmark: From inner front cover and label on lower cover, "IL 286" (likely supplied by Yahuda, see acquisitions slip).</subfield></datafield><datafield tag="500" ind1=" " ind2=" "><subfield code="a">Binding: Pasteboards covered in dull yellow-green laid paper, with red leather over spine and fore edge flap ; Type II binding (with flap) ; board linings in untinted wove paper ; sewn in light pink thread, two stations ; worked chevron endbands in pink and cream, fairly condition though with some damage ; overall in fair condition with some staining, abrasion, lifting and losses of leather, etc.</subfield></datafield><datafield tag="500" ind1=" " ind2=" "><subfield code="a">Support: European laid paper with 12 laid lines per cm. (vertical), chain lines spaced 26 mm. apart (horizontal), and crossbow watermarks, in circle (see p.32, 33, etc.) and alone (see p.118, etc.) ; thin and transluscent though sturdy, well-burnished to glossy.</subfield></datafield><datafield tag="500" ind1=" " ind2=" "><subfield code="a">Decoration: Elegant illuminated headpiece (ʻunwān) at opening on p.4, consisting of rectangular panel with empty gold cartouche surrounded by vegetal pattern in gold on a field of blue with border in green and black, surmounted by a scalloped semi-circular piece (dome) with same vegetal composition ; entire piece surmounted by vertical stalks (tīgh) in dark red ; written area of incipit and facing page surrounded by narrow gold-frame with margins ruled in red ; thereafter written area and margins surrounded by red-rule border ; keywords, section headings, and abbreviation symbols rubricated ; grammatical diagram on p.122.</subfield></datafield><datafield tag="500" ind1=" " ind2=" "><subfield code="a">Script: Nastaʻlīq (talik) ; an elegant Turkish hand ; serifless with closed counters, elongation of horizontal strokes, tilt to the right and slight effect of words descending to baseline, occasionally more exaggerated.</subfield></datafield><datafield tag="500" ind1=" " ind2=" "><subfield code="a">Layout: Written in 9 lines per page ; frame-ruled ; marginalia in various shapes quite artistically arranged.</subfield></datafield><datafield tag="500" ind1=" " ind2=" "><subfield code="a">Collation: i, V-1 (9), 4 V(49), IV (57) ; chiefly quinions ; catchwords present ; pagination in pencil, Western numerals, supplied during digitization (includes inserts and flyleaves).</subfield></datafield><datafield tag="500" ind1=" " ind2=" "><subfield code="a">Colophon: "Scribal," mainly triangular, reads: "وقد وقع الفراغ من تحرير هذه النسخة الشريفة المباركة في اليوم العاشر من شهر رجب المرجب لسنة خمس والف من الهجرة النبوية عليه افضل التحية وكاتب الحروف عمر بن محمد غفر الله له ولوالديه واحسن اليهما واليه ولجميع المسلمين والمسلمات والمؤمنين والمؤمنات"</subfield></datafield><datafield tag="500" ind1=" " ind2=" "><subfield code="a">Explicit: "فيرد ما حذف والمفتوح ما قبلها تقلب الفا تم الكتاب بعون الله الملك الوهاب"</subfield></datafield><datafield tag="500" ind1=" " ind2=" "><subfield code="a">Incipit: "الكلمة لفظ وضع لمعنى مفرد وهي اسم وفعل وحرف ..."</subfield></datafield><datafield tag="500" ind1=" " ind2=" "><subfield code="a">Title from inscription on recto of front flyleaf (p.1).</subfield></datafield><datafield tag="500" ind1=" " ind2=" "><subfield code="a">Ms. codex.</subfield></datafield><datafield tag="510" ind1="4" ind2=" "><subfield code="a">Brockelmann, C. GAL,</subfield><subfield code="c">I 303 ; S I 531</subfield></datafield><datafield tag="520" ind1="8" ind2=" "><subfield code="a">Elegant copy of Ibn al-Ḥājib’s grammatical treatise on naḥw (syntax).</subfield></datafield><datafield tag="538" ind1=" " ind2=" "><subfield code="a">Mode of access: Internet.</subfield></datafield><datafield tag="541" ind1=" " ind2=" "><subfield code="a">Acquired in 1926 from the bookseller Isaac Benjamin S.E. Yahuda via purchase transacted on his behalf by Abraham Shalom Yahuda (1877-1951), his younger brother.</subfield></datafield><datafield tag="546" ind1=" " ind2=" "><subfield code="a">Arabic.</subfield></datafield><datafield tag="561" ind1=" " ind2=" "><subfield code="a">Numerous ownership statements (some dated) on recto of front flyleaf (p.1) ; one statement in name of al-Sayyid Muḥammad Khulūṣī ibn al-Sayyid ʻAlī Afandī (السيد محمد خلوصى بن السيد علي افندي / Mehmet Hulusi b. Ali Efendi ), accompanied by an octagonal seal impression ; three statements in names of members of al-Usṭuwānī family, namely Ḥasan (who acquired the manuscript by purchase from the bequest (تركة) of the aforementioned Hulûsî Efendi in latter Rajab 1169 [April 1756]), Ibrāhīm, and Muḥammad Ṣāliḥ ; another statement in name of Ḥasan al-Arzanjānī (حسن الارزنجاني / Hasen el-Erzincanî) dated 21 Dhū al-Qaʻdah 1251 [ca. 9 March 1836] ; several impressions of at least two octagonal seals are repeated on recto of front flyleaf (p.1) as well ; on 'title page' (p.3) two ownership statements, one in name of Dhū al-Fiqār Āghā (Zülfikâr Aǧa / ذو الفقار اغا) accompanied by a portion of an oval seal impression, and another in the name of al-Sayyid Muḥammad Adīb ibn al-Sayyid Muḥammad ʻAlī al-Kīlānī [al-Gīlānī] ( السيد محمد اديب بن السيد محمد علي الكيلاني ) dated 1 Rabīʻ II 1299 [ca. 20 February 1882] ; extensive marginal and interlinear glosses and corrections, with marginalia in a splendid layout of decorative shapes (sword or cypress tree, house, etc.) some carrying over onto inserts (pp.119-120).</subfield></datafield><datafield tag="650" ind1=" " ind2="0"><subfield code="a">Manuscripts, Arabic</subfield><subfield code="z">Michigan</subfield><subfield code="z">Ann Arbor.</subfield></datafield><datafield tag="650" ind1=" " ind2="0"><subfield code="a">Arabic language</subfield><subfield code="x">Grammar</subfield><subfield code="v">Early works to 1800.</subfield></datafield><datafield tag="650" ind1=" " ind2="0"><subfield code="a">Arabic language</subfield><subfield code="x">Syntax</subfield><subfield code="v">Early works to 1800.</subfield></datafield><datafield tag="655" ind1=" " ind2="7"><subfield code="a">Headpieces (layout features)</subfield><subfield code="y">16th century.</subfield><subfield code="2">aat</subfield></datafield><datafield tag="700" ind1="0" ind2=" "><subfield code="6">880-12</subfield><subfield code="a">Muḥammad Adīb ibn Muḥammad ʻAlī al-Kīlānī,</subfield><subfield code="d">fl. 1882,</subfield><subfield code="e">former owner.</subfield></datafield><datafield tag="700" ind1="0" ind2=" "><subfield code="6">880-11</subfield><subfield code="a">Dhū al-Fiqār Āghā,</subfield><subfield code="e">former owner.</subfield></datafield><datafield tag="700" ind1="0" ind2=" "><subfield code="6">880-09</subfield><subfield code="a">Ḥasan al-Arzanjānī,</subfield><subfield code="d">fl. 1836,</subfield><subfield code="e">former owner.</subfield></datafield><datafield tag="700" ind1="0" ind2=" "><subfield code="6">880-08</subfield><subfield code="a">Muḥammad Ṣāliḥ al-Usṭuwānī,</subfield><subfield code="e">former owner.</subfield></datafield><datafield tag="700" ind1="0" ind2=" "><subfield code="6">880-07</subfield><subfield code="a">Ibrāhīm al-Usṭuwānī,</subfield><subfield code="e">former owner.</subfield></datafield><datafield tag="700" ind1="0" ind2=" "><subfield code="6">880-06</subfield><subfield code="a">Ḥasan al-Usṭuwānī,</subfield><subfield code="d">fl. 1756,</subfield><subfield code="e">former owner.</subfield></datafield><datafield tag="700" ind1="0" ind2=" "><subfield code="6">880-05</subfield><subfield code="a">Mehmet Hulûsî bin Ali Efendi,</subfield><subfield code="d">d. 1756?</subfield><subfield code="e">former owner.</subfield></datafield><datafield tag="700" ind1="0" ind2=" "><subfield code="6">880-04</subfield><subfield code="a">ʻUmar ibn Muḥammad,</subfield><subfield code="d">fl. 1597,</subfield><subfield code="e">scribe.</subfield></datafield><datafield tag="773" ind1="0" ind2=" "><subfield code="a">Yahuda Collection.</subfield></datafield><datafield tag="880" ind1="0" ind2=" "><subfield code="6">700-12/</subfield><subfield code="a">محمد اديب بن محمد علي الكيلاني،</subfield><subfield code="e">مالك سابق.</subfield></datafield><datafield tag="880" ind1="0" ind2=" "><subfield code="6">700-11/</subfield><subfield code="a">ذو الفقار آغا،</subfield><subfield code="e">مالك سابق.</subfield></datafield><datafield tag="880" ind1="0" ind2=" "><subfield code="6">700-09/</subfield><subfield code="a">حسن الارزنجاني،</subfield><subfield code="e">مالك سابق.</subfield></datafield><datafield tag="880" ind1="0" ind2=" "><subfield code="6">700-08/</subfield><subfield code="a">محمد صالح الاسطواني،</subfield><subfield code="e">مالك سابق.</subfield></datafield><datafield tag="880" ind1="0" ind2=" "><subfield code="6">700-07/</subfield><subfield code="a">ابراهيم الاسطواني،</subfield><subfield code="e">مالك سابق.</subfield></datafield><datafield tag="880" ind1="0" ind2=" "><subfield code="6">700-06/</subfield><subfield code="a">حسن الاسطواني،</subfield><subfield code="e">مالك سابق.</subfield></datafield><datafield tag="880" ind1="0" ind2=" "><subfield code="6">700-05/</subfield><subfield code="a">محمد خلوصى بن على افندى،</subfield><subfield code="e">مالك سابق.</subfield></datafield><datafield tag="880" ind1="0" ind2=" "><subfield code="6">700-04/</subfield><subfield code="a">عمر بن محمد،</subfield><subfield code="e">ناسخ.</subfield></datafield><datafield tag="880" ind1="1" ind2="0"><subfield code="6">245-03/</subfield><subfield code="a">كافية ابن الحاجب,</subfield><subfield code="f">[1005ه، 1597م].</subfield></datafield><datafield tag="880" ind1="1" ind2="0"><subfield code="6">240-02/</subfield><subfield code="a">كافية</subfield></datafield><datafield tag="880" ind1="1" ind2=" "><subfield code="6">100-01/</subfield><subfield code="a">ابن الحاجب، عثمان بن عمر.</subfield></datafield><datafield tag="CID" ind1=" " ind2=" "><subfield code="a">006813651</subfield></datafield><datafield tag="DAT" ind1="0" ind2=" "><subfield code="a">20190719102638.0</subfield><subfield code="b">20190719000000.0</subfield></datafield><datafield tag="DAT" ind1="1" ind2=" "><subfield code="a">20190719090653.0</subfield><subfield code="b">2019-07-19T16:11:44Z</subfield></datafield><datafield tag="DAT" ind1="2" ind2=" "><subfield code="a">2015-10-02T18:00:03Z</subfield></datafield><datafield tag="CAT" ind1=" " ind2=" "><subfield code="a">SDR-MIU</subfield><subfield code="d">EX LIBRIS - ALEPH</subfield><subfield code="l">prepare.pl-004-008</subfield></datafield><datafield tag="FMT" ind1=" " ind2=" "><subfield code="a">BK</subfield></datafield><datafield tag="HOL" ind1=" " ind2=" "><subfield code="0">sdr-miu006813651</subfield><subfield code="a">MiU</subfield><subfield code="b">SDR</subfield><subfield code="c">MIU</subfield><subfield code="p">mdp.39015079128396</subfield><subfield code="s">MIU</subfield><subfield code="1">006813651</subfield></datafield><datafield tag="974" ind1=" " ind2=" "><subfield code="b">MIU</subfield><subfield code="c">MIU</subfield><subfield code="d">20190719</subfield><subfield code="s">lit-dlps-dc</subfield><subfield code="u">mdp.39015079128396</subfield><subfield code="y">1597</subfield><subfield code="r">pd</subfield><subfield code="q">bib</subfield><subfield code="t">non-US bib date1 &lt; 1896</subfield></datafield></record></collection>